<?xml version="1.0" encoding="UTF-8"?><record xmlns="http://www.loc.gov/MARC21/slim" xmlns:cinclude="http://apache.org/cocoon/include/1.0" xmlns:zs="http://www.loc.gov/zing/srw/">
  <leader>01022cz  a2200193n  4500</leader>
  <controlfield tag="001">no2008087937</controlfield>
  <controlfield tag="003">DLC</controlfield>
  <controlfield tag="005">20130326114715.0</controlfield>
  <controlfield tag="008">080612n| azannaabn          |a ana     c</controlfield>
  <datafield tag="010" ind1=" " ind2=" ">
    <subfield code="a">no2008087937</subfield>
  </datafield>
  <datafield tag="035" ind1=" " ind2=" ">
    <subfield code="a">(OCoLC)oca07794406</subfield>
  </datafield>
  <datafield tag="040" ind1=" " ind2=" ">
    <subfield code="a">DJBF</subfield>
    <subfield code="b">eng</subfield>
    <subfield code="e">rda</subfield>
    <subfield code="c">DJBF</subfield>
    <subfield code="d">DLC</subfield>
  </datafield>
  <datafield tag="110" ind1="1" ind2=" ">
    <subfield code="a">Aragon (Spain).</subfield>
    <subfield code="b">Departamento de Agricultura y Alimentación</subfield>
  </datafield>
  <datafield tag="410" ind1="1" ind2=" ">
    <subfield code="a">Aragon (Spain).</subfield>
    <subfield code="b">Département d'agriculture et l'alimentation</subfield>
  </datafield>
  <datafield tag="410" ind1="1" ind2=" ">
    <subfield code="a">Aragon (Spain).</subfield>
    <subfield code="b">Department of Agriculture and Food</subfield>
  </datafield>
  <datafield tag="510" ind1="1" ind2=" ">
    <subfield code="w">a</subfield>
    <subfield code="a">Aragon (Spain).</subfield>
    <subfield code="b">Departamento de Agricultura y Medio Ambiente</subfield>
  </datafield>
  <datafield tag="670" ind1=" " ind2=" ">
    <subfield code="a">Mediterranean livestock production, 2006?:</subfield>
    <subfield code="b">t.p. (Dept. of Agriculture and Food of the government of Aragón; Département d'agriculture et l'alimentation du gouvernement d'Aragon)</subfield>
  </datafield>
  <datafield tag="670" ind1=" " ind2=" ">
    <subfield code="a">Google search, June 12, 2008:</subfield>
    <subfield code="b">(página Web del Departamento de Agricultura y Alimentación, Gobierno de Aragón)</subfield>
  </datafield>
  <datafield tag="675" ind1=" " ind2=" ">
    <subfield code="a">Atlas de la flora del Pirineo Aragonés, 1997: t.p. verso (Aragon Departamento de Agricultura y Medio Ambiente)</subfield>
  </datafield>
</record>